@article{Dwork:2006:DP,
    author = {Cynthia Dwork},
    title = {Differential Privacy},
    journal = {Microsoft Research},
    year = 2006,
    url = {https://pdfs.semanticscholar.org/4c99/097af05e8de39370dd287c74653b715c8f6a.pdf},
}

@online{Hilton:DP:history,
    author = {Michael Hilton},
    title = {Differential Privacy: A Historical Survey},
    institution = {Cal Poly State University},
    url = {http://www.cs.uky.edu/~jzhang/CS689/PPDM-differential.pdf},
}

@article{Machanavajjhala:2008,
    author = "Ashwin Machanavajjhala and Daniel Kifer and John Abowd and Johannes Gehrke and Lars Vilhuber",
    title = {Privacy: Theory meets Practice on the Map},
    institution = {Department of Computer Science, Cornell University, U.S.A. Department of Labor Economics, Cornell University, U.S.A.},
    year = 2008,
    url = {http://www.cse.psu.edu/~duk17/papers/PrivacyOnTheMap.pdf},
}

@online{Apple:2017,
    author = "Apple",
    title = {Privacy - Approach to Privacy},
    year = 2017,
    url = {https://www.apple.com/privacy/approach-to-privacy/},
}
